<?xml version="1.0" encoding="UTF-8"?><record xmlns="http://www.loc.gov/MARC21/slim" xmlns:cinclude="http://apache.org/cocoon/include/1.0" xmlns:zs="http://www.loc.gov/zing/srw/">
  <leader>00551nz  a2200157n  4500</leader>
  <controlfield tag="001">no2005064469</controlfield>
  <controlfield tag="003">DLC</controlfield>
  <controlfield tag="005">20050715051912.0</controlfield>
  <controlfield tag="008">050714n| acannaabn          |a aaa     c</controlfield>
  <datafield tag="010" ind1=" " ind2=" ">
    <subfield code="a">no2005064469</subfield>
  </datafield>
  <datafield tag="035" ind1=" " ind2=" ">
    <subfield code="a">(OCoLC)oca06680858</subfield>
  </datafield>
  <datafield tag="040" ind1=" " ind2=" ">
    <subfield code="a">TNJ</subfield>
    <subfield code="b">eng</subfield>
    <subfield code="c">TNJ</subfield>
  </datafield>
  <datafield tag="100" ind1="1" ind2=" ">
    <subfield code="a">Burdick, J. Clement</subfield>
    <subfield code="q">(John Clement)</subfield>
  </datafield>
  <datafield tag="400" ind1="1" ind2=" ">
    <subfield code="a">Burdick, John Clement</subfield>
  </datafield>
  <datafield tag="670" ind1=" " ind2=" ">
    <subfield code="a">Estimation of water quality in a new reservoir, 1971:</subfield>
    <subfield code="b">t.p. (J. Clement Burdick, III)</subfield>
  </datafield>
  <datafield tag="670" ind1=" " ind2=" ">
    <subfield code="a">OCLC, July 14, 2005</subfield>
    <subfield code="b">(hdg.: Burdick, John Clement; usage: J. Clement Burdick, John Clement Burdick)</subfield>
  </datafield>
</record>